@inproceedings{chromik1,
           month = {August},
          author = {Justyna J. {Chromik} and Anne {Remke} and Boudewijn R. {Haverkort}},
          series = {Electronic Workshops in Computing},
       booktitle = {4th International Symposium for ICS \& SCADA Cyber Security Research, ICS-CSR 2016},
           title = {Improving {SCADA} security of a local process with a power grid model},
       publisher = {BCS Learning \& Development Ltd.},
            year = {2016},
        keywords = {SCADA security, process-awareness, model based intrusion detection},
             url = {http://doc.utwente.nl/101363/},
    }

@inproceedings{chromik2,
	author = {Justyna J. {Chromik}},
	booktitle = {{DACS}. Design and Analysis of Communication systems},
	title = {CYBER THREATS TO SMART GRID},
	publisher = {University of Twente},
	month = {November},
	year = {2016},
}

@inproceedings{blithe,
	month = {April},
	author = {Haiyong {Bao} and Rongxing {Lu} and Ruilong {Deng}},
	series = {IEEE internet of things journal},
	booktitle = {Vol. 3, No. 2},
	title = {{BLITHE}: Behavior Rule-Based Insider Threat	Detection for Smart Grid},
	publisher = {IEEE},
	year = {2016},
	url = {http://ieeexplore.ieee.org/document/7163500/},
}

@inproceedings{barbosa,
	month = {August},
	author = {Rafael Ramos Regis {Barbosa} and  Ramin {Sadrea} and Aiko {Prasb}},
	series = {International Journal of Critical	Infrastructure Protection},
	booktitle = {Vol. 6, Issues 3-4},
	title = {Flow whitelisting in scada networks},
	publisher = {ScienceDirect},
	year = {2013},
	url = {http://dx.doi.org/10.1016/j.ijcip.2013.08.003},
}

@ONLINE{mosaik,
	author = {{OFFIS}},
	title = {mosaik Documentation},
	month = {february},
	year = {2017},
	url = {http://mosaik.readthedocs.io/en/latest/overview.html}
}

@ONLINE{icscert,
	author = {Industrial Control Systems Cyber Emergency Response Team},
	title = {Cyber-Attack Against Ukrainian Critical Infrastructure},
	month = {february},
	year = {2017},
	url = {https://ics-cert.us-cert.gov/alerts/IR-ALERT-H-16-056-01}
}